% Vorlagen für Quellen das Literaturverzeichnis "?" is in bibtex zum auskommentieren
% (alles mit ?_ ist zusätzlich und nicht primär relevant)
% siehe https://en.wikibooks.org/wiki/LaTeX/Bibliography_Management#BibTeX für weitere Informationen
% cheat sheet: http://tug.ctan.org/info/biblatex-cheatsheet/biblatex-cheatsheet.pdf

@article{micr,
  author       = "Microsoft",
  title        = "The world’s most widely adopted AI developer tool",
  howpublished = "Internet",
  year         = "2023",
  url          = "https://github.com/features/copilot",
  urldate      = "29.12.2023",
  month        = "December" 
}

@misc{tiobe,
  author       = "Tiobe",
  title        = "Tiobe Index for December 2023",
  howpublished = "Internet",
  year         = "2023",
  url          = "https://www.tiobe.com/tiobe-index/",
  urldate      = "29.12.2023",
  month        = "December" 
}

@article{Wiki,
  author       = "Wikipedia",
  title        = "COBOL",
  howpublished = "Internet",
  year         = "2023",
  url          = "https://en.wikipedia.org/wiki/COBOL",
  urldate      = "29.12.2023",
  month        = "December" 
}

@article{Orac,
  author       = "Oracle",
  title        = "Java Core Libaries",
  howpublished = "Internet",
  year         = "2023",
  url          = "https://docs.oracle.com/en/java/javase/21/core/java-core-libraries1.html",
  urldate      = "29.12.2023",
  month        = "December" 
}

@article{Prec,
  author       = "Christopher Tozzi",
  title        = "Java Core Libaries",
  howpublished = "Internet",
  year         = "2022",
  url          = "https://www.precisely.com/blog/mainframe/9-mainframe-statistics",
  urldate      = "29.12.2023",
  month        = "December" 
}

@article{Semd,
  author       = "SemanticDesign",
  title        = "Legacy Software Migration",
  howpublished = "Internet",
  year         = "2023",
  url          = "http://www.semdesigns.com/Products/Services/LegacyMigration.html",
  urldate      = "29.12.2023",
  month        = "December" 
}

@article{IbmCopybook,
  author       = "IBM",
  title        = "About Copybook templates",
  howpublished = "Internet",
  year         = "2023",
  url          = "https://www.ibm.com/docs/api/v1/content/SSXJAV_14.1.0%2Fcom.ibm.filemanager.doc_14.1%2Fbase%2Fconccopy.html?parsebody=true&lang=en",
  urldate      = "29.12.2023",
  month        = "December" 
}

@book{Endb,
  author       = "Jim-Marvin Bergmann and Tim Berthold and Robin Czarnetzki and Annika Fuhge",
  title        = "Modellbasierte Entwicklung von Alexa-Skills",
  howpublished = "Paper",
  year         = "2019",
  month        = "December" 
}

@article{GenAi,
   author       = "Florian Maier",
  title        = "Was sind LLMs?",
  howpublished = "Internet",
  year         = "2023",
  url          = "https://www.computerwoche.de/a/was-sind-llms,3614567",
  urldate      = "29.12.2023",
  month        = "December" 
}

@book{gpt4,
   author       = "OpenAI",
  title        = "GPT-4 Technical Report",
  howpublished = "Paper",
  year         = "2023",
  month        = "December" 
}

@article{artim,
  author       = "Scott Meyers",
  title        = "The Most Important C++ Software",
  howpublished = "Internet",
  year         = "2006",
  url          = "https://www.artima.com/articles/the-most-important-c-softwareemeverem",
  urldate      = "29.12.2023",
  month        = "December" 
}

@article{geek,
  author       = "Iamgaurav",
  title        = "How to compile a Typescript file?",
  howpublished = "Internet",
  year         = "2023",
  url          = "https://www.geeksforgeeks.org/how-to-compile-a-typescript-file/",
  urldate      = "29.12.2023",
  month        = "December" 
}

@book{comp,
   author       = "Alfred V. Aho and Ravi Sethi and Jeffrey D. Ullmann",
  title        = "Compilerbau Teil 1",
  howpublished = "Book",
  year         = "1999",
  month        = "December" 
}

@book{level,
   author       = "Gerald Penn",
  title        = "Levels of Programming Languages",
  howpublished = "Book",
  year         = "2023",
  month        = "December" 
}

@book{leitfaden,
   author       = "B. Hartwich",
  title        = "Leitfaden zur PL/1 Programmierung für Anfänger und Fortgeschrittene",
  howpublished = "Book",
  year         = "2011",
  month        = "March" 
}

@book{langref,
	author       = "IBM",
  title        = "Enterprise PL/I for z/Os 5.3 Language Reference",
  howpublished = "Book",
  year         = "2021",
  month        = "March" 
}


@article{oracl,
	author       = "Oracle",
  title        = "Class String",
  howpublished = "Internet",
  year         = "2024",
  url          = "https://docs.oracle.com/javase/8/docs/api/java/lang/String.html",
  urldate      = "02.02.2024",
  month        = "Feburar"  
}

@article{regex,
 author       = "scantopdf",
  title        = "Die Geschichte von Regex",
  howpublished = "Internet",
  year         = "2024",
  url          = "https://scantopdf.com/de/Blog/die-Geschichte-der-Regex/",
  urldate      = "02.02.2024",
  month        = "Feburar" 
}



@article{oraclee,
	author       = "Oracle",
  title        = "Primitive Datatypes",
  howpublished = "Internet",
  year         = "2024",
  url          = "https://docs.oracle.com/javase/tutorial/java/nutsandbolts/datatypes.html",
  urldate      = "04.02.2024",
  month        = "Feburar"  
}

@article{plexample,
author       = "Broadcom",
  title        = "IDMS Reference",
  howpublished = "Internet",
  year         = "2024",
  url          = "https://techdocs.broadcom.com/us/en/ca-mainframe-software/database-management/ca-idms-reference/19-0/callable-services-reference/tcp-ip-api-support/tcp-ip-programming-examples/pl-i-examples.html",
  urldate      = "06.02.2024",
  month        = "Feburar" 
}